
@book{Aggarwal:2014,
 author = {Aggarwal, Charu C. and Han, Jiawei},
 title = {Frequent Pattern Mining},
 year = {2014},
 isbn = {3319078208, 9783319078205},
 publisher = {Springer Publishing Company, Incorporated},
} 

@book{Dong:2009,
 author = {Dong, Guozhu},
 title = {Sequence Data Mining},
 year = {2009},
 isbn = {1441943528, 9781441943521},
 publisher = {Springer-Verlag},
 address = {Berlin, Heidelberg},
} 

@article{Radcliffe:1999,
  title    = "Differential Response Analysis: Modeling True Responses by Isolating the Effect of a Single Action",
  author   = "Nicholas Radcliffe and Patrick Surry",
  year     = "1999",
  journal  = "Credit Scoring and Credit Control IV",
}

