
@book{Aggarwal:2014,
 author = {Aggarwal, Charu C. and Han, Jiawei},
 title = {Frequent Pattern Mining},
 year = {2014},
 isbn = {3319078208, 9783319078205},
 publisher = {Springer Publishing Company, Incorporated},
} 

@book{Dong:2009,
 author = {Dong, Guozhu},
 title = {Sequence Data Mining},
 year = {2009},
 isbn = {1441943528, 9781441943521},
 publisher = {Springer-Verlag}
} 

@article{Radcliffe:1999,
  title    = "Differential Response Analysis: Modeling True Responses by Isolating the Effect of a Single Action",
  author   = "Nicholas Radcliffe and Patrick Surry",
  year     = "1999",
  journal  = "Credit Scoring and Credit Control IV",
}

@article{Fournier:2017,
  added-at = {2017-04-20T09:13:44.000+0200},
  author = {Fournier-Viger, Philippe and Lin, Jerry Chun-Wei and Kiran, Rage Uday and Koh, Yun Sing},
  biburl = {https://www.bibsonomy.org/bibtex/2a8fbb0463a3027f072106917d3fcd891/becker},
  interhash = {715fd567e6b53913206b637f1f5f6684},
  intrahash = {a8fbb0463a3027f072106917d3fcd891},
  journal = {Data Science and Pattern Recognition},
  keywords = {inthesis diss sequence mining pattern survey citedby:scholar:count:1 citedby:scholar:timestamp:2017-4-20},
  number = 1,
  pages = {54--77},
  timestamp = {2017-04-20T09:13:44.000+0200},
  title = {A Survey of Sequential Pattern Mining},
  volume = 1,
  year = 2017
}

@online{Kahn:1994,
  author = {Kahn, Michael},
  title = {UCI Machine Learning Repository},
  year = 1994,
  url = {https://archive.ics.uci.edu/ml/datasets/diabetes},
  urldate = {2018-05-09}
}

@online{Fournier,
  author = {Fournier-Viger, Philippe},
  title = {SPMF - An Open-Source Data Mining Library},
  url = {http://www.philippe-fournier-viger.com/spmf/index.php?link=datasets.php},
  urldate = {2018-05-09}
}

@inproceedings{Agrawal:1994,
	author = {Agrawal, Rakesh and Srikant, Ramakrishnan},
	title = {Fast Algorithms for Mining Association Rules in Large Databases},
	booktitle = {Proceedings of the 20th International Conference on Very Large Data Bases},
	series = {VLDB '94},
	year = {1994},
	isbn = {1-55860-153-8},
	pages = {487--499},
	numpages = {13},
	url = {http://dl.acm.org/citation.cfm?id=645920.672836},
	acmid = {672836},
	publisher = {Morgan Kaufmann Publishers Inc.},
	address = {San Francisco, CA, USA},
} 

@inproceedings{Agrawal:1995,
 author = {Agrawal, Rakesh and Srikant, Ramakrishnan},
 title = {Mining Sequential Patterns},
 booktitle = {Proceedings of the Eleventh International Conference on Data Engineering},
 series = {ICDE '95},
 year = {1995},
 isbn = {0-8186-6910-1},
 pages = {3--14},
 numpages = {12},
 url = {http://dl.acm.org/citation.cfm?id=645480.655281},
 acmid = {655281},
 publisher = {IEEE Computer Society},
 address = {Washington, DC, USA},
 keywords = {AprioriAll, AprioriSome, algorithms, customer transactions, customer-ID, knowledge acquisition, large database, pattern matching, retail data processing, scale-up properties, sequential pattern mining, transaction time, very large databases},
} 

@Article{Zaki:2001,
author="Zaki, Mohammed J.",
title="SPADE: An Efficient Algorithm for Mining Frequent Sequences",
journal="Machine Learning",
year="2001",
month="Jan",
day="01",
volume="42",
number="1",
pages="31--60",
issn="1573-0565",
doi="10.1023/A:1007652502315",
url="https://doi.org/10.1023/A:1007652502315"
}

@article{Pei:2004,
 author = {Pei, Jian and Han, Jiawei and Mortazavi-Asl, Behzad and Wang, Jianyong and Pinto, Helen and Chen, Qiming and Dayal, Umeshwar and Hsu, Mei-Chun},
 title = {Mining Sequential Patterns by Pattern-Growth: The PrefixSpan Approach},
 journal = {IEEE Trans. on Knowl. and Data Eng.},
 issue_date = {November 2004},
 volume = {16},
 number = {11},
 month = nov,
 year = {2004},
 issn = {1041-4347},
 pages = {1424--1440},
 numpages = {17},
 url = {https://doi.org/10.1109/TKDE.2004.77},
 doi = {10.1109/TKDE.2004.77},
 acmid = {1025077},
 publisher = {IEEE Educational Activities Department},
 address = {Piscataway, NJ, USA},
} 

@inproceedings{Yang:2007,
  author    = {Zhenglu Yang and
               Yitong Wang and
               Masaru Kitsuregawa},
  title     = {{LAPIN:} Effective Sequential Pattern Mining Algorithms by Last Position
               Induction for Dense Databases},
  booktitle = {{DASFAA}},
  series    = {Lecture Notes in Computer Science},
  volume    = {4443},
  pages     = {1020--1023},
  publisher = {Springer},
  year      = {2007}
}

@InProceedings{Fournier:2014,
	author="Fournier-Viger, Philippe
	and Gomariz, Antonio
	and Campos, Manuel
	and Thomas, Rincy",
	title="Fast Vertical Mining of Sequential Patterns Using Co-occurrence Information",
	booktitle="Advances in Knowledge Discovery and Data Mining",
	year="2014",
	publisher="Springer International Publishing",
	address="Cham",
	pages="40--52",
	isbn="978-3-319-06608-0"
}

@inproceedings{Wang:2004,
	author = {Wang, Jianyong and Han, Jiawei},
	title = {BIDE: Efficient Mining of Frequent Closed Sequences},
	booktitle = {Proceedings of the 20th International Conference on Data Engineering},
	series = {ICDE '04},
	year = {2004},
	isbn = {0-7695-2065-0},
	pages = {79--},
	url = {http://dl.acm.org/citation.cfm?id=977401.978142},
	acmid = {978142},
	publisher = {IEEE Computer Society},
	address = {Washington, DC, USA},
} 

@inproceedings{Yan:2003,
  author    = {Xifeng Yan and
               Jiawei Han and
               Ramin Afshar},
  title     = {CloSpan: Mining Closed Sequential Patterns in Large Datasets},
  booktitle = {{SDM}},
  pages     = {166--177},
  publisher = {{SIAM}},
  year      = {2003}
}

@InProceedings{Fournier:2013,
	author="Fournier-Viger, Philippe
	and Wu, Cheng-Wei
	and Tseng, Vincent S.",
	title="Mining Maximal Sequential Patterns without Candidate Maintenance",
	booktitle="Advanced Data Mining and Applications",
	year="2013",
	publisher="Springer Berlin Heidelberg",
	pages="169--180",
	isbn="978-3-642-53914-5"
}

@InProceedings{Fournier:2014-2,
	author="Fournier-Viger, Philippe
	and Wu, Cheng-Wei
	and Gomariz, Antonio
	and Tseng, Vincent S.",
	editor="Sokolova, Marina
	and van Beek, Peter",
	title="VMSP: Efficient Vertical Mining of Maximal Sequential Patterns",
	booktitle="Advances in Artificial Intelligence",
	year="2014",
	publisher="Springer International Publishing",
	pages="83--94",
	isbn="978-3-319-06483-3"
}

@inproceedings{Srikant:1996,
	author = {Srikant, Ramakrishnan and Agrawal, Rakesh},
	title = {Mining Sequential Patterns: Generalizations and Performance Improvements},
	booktitle = {Proceedings of the 5th International Conference on Extending Database Technology: Advances in Database Technology},
	series = {EDBT '96},
	year = {1996},
	isbn = {3-540-61057-X},
	pages = {3--17},
	numpages = {15},
	url = {http://dl.acm.org/citation.cfm?id=645337.650382},
	acmid = {650382},
	publisher = {Springer-Verlag},
	address = {London, UK, UK},
} 

@incollection{Lenca:2007,
  author    = {Philippe Lenca and
               Beno{\^{\i}}t Vaillant and
               Patrick Meyer and
               St{\'{e}}phane Lallich},
  title     = {Association Rule Interestingness Measures: Experimental and Theoretical
               Studies},
  booktitle = {Quality Measures in Data Mining},
  series    = {SCI},
  volume    = {43},
  pages     = {51--76},
  publisher = {Springer},
  year      = {2007}
}

@inproceedings{Tan:2002,
 author = {Tan, Pang-Ning and Kumar, Vipin and Srivastava, Jaideep},
 title = {Selecting the Right Interestingness Measure for Association Patterns},
 booktitle = {Proceedings of the Eighth ACM SIGKDD International Conference on Knowledge Discovery and Data Mining},
 year = {2002},
 isbn = {1-58113-567-X},
 location = {Edmonton, Alberta, Canada},
 pages = {32--41},
 numpages = {10},
 publisher = {ACM},
} 

@inproceedings{Giannotti:2006,
  author = {Giannotti, Fosca and Nanni, Mirco and Pedreschi, Dino},
  biburl = {https://www.bibsonomy.org/bibtex/2961811dd21e0b535c20844378423ed66/becker},
  booktitle = {SIAM International Conference on Data Mining},
  editor = {Ghosh, Joydeep and Lambert, Diane and Skillicorn, David B. and Srivastava, Jaideep},
  interhash = {2bfe224119c030c7f7c9beef28bf14b8},
  intrahash = {961811dd21e0b535c20844378423ed66},
  keywords = {citedby:scholar:count:128 citedby:scholar:timestamp:2017-4-21 diss inthesis mining pattern sequential trajectory},
  organization = {SIAM},
  pages = {348--359},
  timestamp = {2017-12-20T18:43:00.000+0100},
  title = {Efficient mining of temporally annotated sequences},
  year = 2006
}

@inproceedings{Gebser:2016,
 author = {Gebser, Martin and Guyet, Thomas and Quiniou, Ren{\'e} and Romero, Javier and Schaub, Torsten},
 title = {Knowledge-based Sequence Mining with ASP},
 booktitle = {Proceedings of the Twenty-Fifth International Joint Conference on Artificial Intelligence},
 series = {IJCAI'16},
 year = {2016},
 isbn = {978-1-57735-770-4},
 location = {New York, New York, USA},
 pages = {1497--1504},
 numpages = {8},
 url = {http://dl.acm.org/citation.cfm?id=3060621.3060829},
 acmid = {3060829},
 publisher = {AAAI Press},
} 

@inproceedings{Pinto:2001,
 author = {Pinto, Helen and Han, Jiawei and Pei, Jian and Wang, Ke and Chen, Qiming and Dayal, Umeshwar},
 title = {Multi-dimensional Sequential Pattern Mining},
 booktitle = {Proceedings of the Tenth International Conference on Information and Knowledge Management},
 series = {CIKM '01},
 year = {2001},
 isbn = {1-58113-436-3},
 location = {Atlanta, Georgia, USA},
 pages = {81--88},
 numpages = {8},
 url = {http://doi.acm.org/10.1145/502585.502600},
 doi = {10.1145/502585.502600},
 acmid = {502600},
 publisher = {ACM},
 address = {New York, NY, USA},
}

@article{Plantevit:2010,
  TITLE = {{Mining multidimensional and multilevel sequential patterns}},
  AUTHOR = {Plantevit, Marc and Laurent, Anne and Laurent, Dominique and Teisseire, Maguelonne and Choong, Yeow Wei},
  URL = {https://hal.archives-ouvertes.fr/hal-01381826},
  JOURNAL = {{ACM Transactions on Knowledge Discovery from Data (TKDD)}},
  HAL_LOCAL_REFERENCE = {4589},
  PUBLISHER = {{ACM}},
  SERIES = {1},
  VOLUME = {4},
  PAGES = {1-37},
  YEAR = {2010},
  MONTH = Jan,
  DOI = {10.1145/1644873.1644877},
  HAL_ID = {hal-01381826},
  HAL_VERSION = {v1},
}

@inproceedings{Fowkes:2016,
 author = {Fowkes, Jaroslav and Sutton, Charles},
 title = {A Subsequence Interleaving Model for Sequential Pattern Mining},
 booktitle = {Proceedings of the 22Nd ACM SIGKDD International Conference on Knowledge Discovery and Data Mining},
 series = {KDD '16},
 year = {2016},
 isbn = {978-1-4503-4232-2},
 location = {San Francisco, California, USA},
 pages = {835--844},
 numpages = {10},
 url = {http://doi.acm.org/10.1145/2939672.2939787},
 doi = {10.1145/2939672.2939787},
 acmid = {2939787},
 publisher = {ACM},
 address = {New York, NY, USA},
 keywords = {exploratory data analysis, generative model, sequential pattern mining},
} 

@article{Li:2015,
  author    = {Tao Li and
               Geoffrey I. Webb and
               Fran{\c{c}}ois Petitjean},
  title     = {Exact discovery of the most interesting sequential patterns},
  journal   = {CoRR},
  volume    = {abs/1506.08009},
  year      = {2015},
  url       = {http://arxiv.org/abs/1506.08009},
  archivePrefix = {arXiv},
  eprint    = {1506.08009},
  timestamp = {Mon, 13 Aug 2018 16:46:53 +0200},
  biburl    = {https://dblp.org/rec/bib/journals/corr/LiWP15},
  bibsource = {dblp computer science bibliography, https://dblp.org}
}

@inproceedings{Guidotti:2017,
author = {R. Guidotti and G. Rossetti and L. Pappalardo and F. Giannotti and D. Pedreschi},
booktitle = {2017 IEEE International Conference on Data Mining (ICDM)},
title = {Market Basket Prediction Using User-Centric Temporal Annotated Recurring Sequences},
year = {2018},
volume = {00},
number = {},
pages = {895-900},
keywords={History;Itemsets;Markov processes;Data mining;Adaptation models;Predictive models;Conferences},
doi = {10.1109/ICDM.2017.111},
url = {doi.ieeecomputersociety.org/10.1109/ICDM.2017.111},
ISSN = {2374-8486},
month={Nov.}
}

@inproceedings{Raissi:2011,
 author = {Ra\"{\i}ssi, Chedy and Pei, Jian},
 title = {Towards Bounding Sequential Patterns},
 booktitle = {Proceedings of the 17th ACM SIGKDD International Conference on Knowledge Discovery and Data Mining},
 series = {KDD '11},
 year = {2011},
 isbn = {978-1-4503-0813-7},
 location = {San Diego, California, USA},
 pages = {1379--1387},
 numpages = {9},
 url = {http://doi.acm.org/10.1145/2020408.2020612},
 doi = {10.1145/2020408.2020612},
 acmid = {2020612},
 publisher = {ACM},
 address = {New York, NY, USA},
 keywords = {combinatorics, sequential pattern mining},
} 
